@misc{sysctld,
	title = "sysctl.d: Ubuntu man pages",
	author = "Ubuntu",
	year = "consultado el 14 de Noviembre de 2016",
	howpublished = "\url{http://manpages.ubuntu.com/manpages/wily/man5/sysctl.d.5.html}",
	
}

@misc{sysctlconf,
	title = "sysctl.conf: Ubuntu man pages",
	author = "Ubuntu Documentation.",
	year = "consultado el 14 de Noviembre de 2016",
	howpublished = "\url{http://manpages.ubuntu.com/manpages/trusty/man5/sysctl.conf.5.html}",
	
}



@misc{registro,
	title = "Copia seguridad registro",
	author = "Microsoft.",
	year = "consultado el 14 de Noviembre de 2016",
	howpublished = "\url{http://technet.microsoft.com/en-us/library/cc772043.aspx}",
	
}











@misc{moodle,
	title = "Moodle performance",
	author = "Moodle",
	year = "consultado el 14 de Noviembre de 2016",
	howpublished = "\url{https://docs.moodle.org/32/en/Performance_recommendations}",
	
}


@misc{microsoft,
	title = "Compresión en servidor IIS",
	author = "Microsoft",
	year = "consultado el 14 de Noviembre de 2016",
	howpublished = "\url{https://technet.microsoft.com/en-us/library/30e64245-ec6b-4c4e-891b-b7249e36c0a0}",
	
}

@misc{uvainstalation,
	title = "Instalación TPCC-Uva",
	author = "Universidad Valladolid",
	year = "consultado el 14 de Noviembre de 2016",
	howpublished = "\url{https://www.infor.uva.es/~diego/tpccuva/tpccuva-1.2.4-tarball/tpccuva-guide.pdf}",
	
	
}


@misc{config,
	title = "postgreSQL, Parameters configuration",
	author = "postgreSQL. ",
	year = "consultado el 14 de Noviembre de 2016",
	howpublished = "\url{SQLhttps://help.ubuntu.com/community/PostgreSQL}",
	
}



@misc{postgresql,
	title = "PostgreSQL.",
	author = "PostgreSQL ORG.. ",
	year = "consultado el 14 de Noviembre de 2016",
	howpublished = "\url{http://www.postgresql.org.es}",
	
}

@misc{initdb,
	title = "Initdb.",
	author = "PostgreSQL ORG. ",
	year = "consultado el 14 de Noviembre de 2016",
	howpublished = "\url{https://www.postgresql.org/docs/9.2/static/app-initdb.html}",
	
}

